@online{sharif:thesisguide,
  author = {Asadi, Maryam and Seyfi, Khayron-nesa},
  title = {A guide to M.Sc. and Ph.D. thesis writing},
  publisher = {Central Library, Sharif University of Technology},
  year = {2014},
  url = {http://sharif.edu/~library/Guide_Theses.pdf},
  urldate = {2014-05-11}
}
@online {sharif:cesite,
  author = {Saman Barghi},
  title = {{SharifCE - Home}},
  publisher = {Official Website of Computer Engineering Department, Sharif University of Technology},
  year = {2013},
  url = {http://ce.sharif.edu/},
  urldate = {2014-05-11}
}
@online {persiancomputing:keyboard,
  author = {},
  title = {Iranian Standard Persian Keyboard},
  publisher = {Persian Computing Community},
  year = {2014},
  url = {http://persian-computing.org/download/Iranian_Standard_Persian_Keyboard_(ISIRI_9147)_(Version_2.0).zip},
  urldate = {2014-06-02}
}

@inproceedings{Lambek:Bilinear,
 author = {Lambek, J.},
 title = {Bilinear Logic in Algebra and Linguistics},
 booktitle = {Proceedings of the Workshop on Advances in Linear Logic},
 year = {1995},
 isbn = {0-521-55961-8},
 pages = {43--59},
 numpages = {17},
 url = {http://dl.acm.org/citation.cfm?id=212876.212882},
 publisher = {Cambridge University Press},
 address = {New York, NY, USA},
}

@incollection{Lambek:Deductive,
 year={1999},
 isbn={978-94-010-5936-7},
 booktitle={Logic, Language and Reasoning},
 volume={5},
 series={Trends in Logic},
 editor={Ohlbach, HansJÃ¼rgen and Reyle, Uwe},
 doi={10.1007/978-94-011-4574-9_12},
 title={Deductive Systems and Categories in Linguistics},
 url={http://dx.doi.org/10.1007/978-94-011-4574-9_12},
 publisher={Springer Netherlands},
 author={Lambek, Joachim},
 pages={279-294},
 language={English}
}

@article{Lambek:lambek1958,
  added-at = {2008-03-11T14:52:34.000+0100},
  author = {Lambek, Joachim},
  biburl = {http://www.bibsonomy.org/bibtex/2ded654641695c9809b0767caa306ae6e/idsia},
  citeulike-article-id = {2377642},
  interhash = {f32a4a2b860be90de7b1bb35a9644c3e},
  intrahash = {ded654641695c9809b0767caa306ae6e},
  journal = {Americal Mathematical Monthly},
  keywords = {nn},
  pages = {154--170},
  priority = {2},
  timestamp = {2008-03-11T14:52:34.000+0100},
  title = {The Mathematics of Sentence Structure},
  volume = 65,
  year = 1958
}

@article{Bar-Hillel,
  added-at = {2009-10-29T03:51:09.000+0100},
  author = {Bar-Hillel, Yehoshua},
  biburl = {http://www.bibsonomy.org/bibtex/28f0454dcd648fec449d1b41128be02dd/davidswelt},
  date-added = {2008-05-01 12:17:35 +0100},
  date-modified = {2008-05-01 12:18:26 +0100},
  interhash = {d07bc52401e4fbb13e3f1f5c3add9d06},
  intrahash = {8f0454dcd648fec449d1b41128be02dd},
  journal = {Language},
  keywords = {imported},
  pages = {47-58},
  timestamp = {2009-10-29T03:51:09.000+0100},
  title = {A quasi-arithmetical notation for syntactic description},
  volume = 29,
  year = 1953
}

@article{Adjukiewicz,
  added-at = {2008-03-17T11:27:54.000+0100},
  author = {Adjukiewicz, Kazimierz},
  biburl = {http://www.bibsonomy.org/bibtex/2b20ccab8dcadd421c77f46b8cfd63ee8/nlp},
  interhash = {2979b6809c1f9959f99a19bbaa643439},
  intrahash = {b20ccab8dcadd421c77f46b8cfd63ee8},
  journal = {Studia Philosophica},
  keywords = {2000 book nlp},
  note = {English translation ``Syntactic Connexion" by H. Weber in McCall, S.
  (Ed.) {\em Polish Logic}, pp. 207--231, Oxford University Press, Oxford,
  1967},
  pages = {1--27},
  timestamp = {2008-03-17T11:27:54.000+0100},
  title = {Die syntaktische {Konnexit\"{a}t}},
  volume = 1,
  year = 1935
}

